<record><leader>00000cas a2200000 a 4500</leader><controlfield tag="001">13155553</controlfield><controlfield tag="008">860215d18971922caudr ne      0    0eng d</controlfield><controlfield tag="009">3789</controlfield><datafield ind1=" " ind2=" " tag="010"><subfield code="a">sn 86064440 </subfield></datafield><datafield ind1=" " ind2=" " tag="040"><subfield code="a">KSH</subfield><subfield code="b">eng</subfield><subfield code="c">KSH</subfield><subfield code="d">NPT</subfield><subfield code="d">DLC</subfield><subfield code="d">NYS</subfield><subfield code="d">CNK</subfield><subfield code="d">DLC</subfield><subfield code="d">OCL</subfield><subfield code="d">CRL</subfield><subfield code="d">CDS</subfield><subfield code="d">OCLCF</subfield></datafield><datafield ind1="1" ind2=" " tag="029"><subfield code="a">AU@</subfield><subfield code="b">000020037305</subfield></datafield><datafield ind1=" " ind2=" " tag="042"><subfield code="a">msc</subfield></datafield><datafield ind1=" " ind2=" " tag="043"><subfield code="a">n-us-ca</subfield></datafield><datafield ind1="0" ind2="0" tag="050"><subfield code="a">Newspaper Microfilm 976</subfield></datafield><datafield ind1="0" ind2=" " tag="130"><subfield code="a">San Diego union and daily bee (San Diego, Calif. : 1897)</subfield></datafield><datafield ind1="0" ind2="4" tag="245"><subfield code="a">The San Diego union and daily bee.</subfield></datafield><datafield ind1="1" ind2="7" tag="246"><subfield code="a">San Diego union</subfield></datafield><datafield ind1=" " ind2=" " tag="260"><subfield code="a">San Diego, Cal. :</subfield><subfield code="b">San Diego Union Co.,</subfield><subfield code="c">1897-1922.</subfield></datafield><datafield ind1=" " ind2=" " tag="300"><subfield code="a">26 v.</subfield></datafield><datafield ind1=" " ind2=" " tag="310"><subfield code="a">Daily</subfield></datafield><datafield ind1="0" ind2=" " tag="362"><subfield code="a">Oct. 28, 1897-Oct. 5, 1922.</subfield></datafield><datafield ind1=" " ind2=" " tag="500"><subfield code="a">"The pioneer newspaper of Southern California" &lt;Dec. 1, 1917&gt;.</subfield></datafield><datafield ind1=" " ind2=" " tag="530"><subfield code="a">Available on microfilm from Bell &amp; Howell Information and Learning.</subfield></datafield><datafield ind1=" " ind2="0" tag="651"><subfield code="a">San Diego (Calif.)</subfield><subfield code="v">Newspapers.</subfield></datafield><datafield ind1=" " ind2="0" tag="651"><subfield code="a">California, Southern</subfield><subfield code="v">Newspapers.</subfield></datafield><datafield ind1=" " ind2="7" tag="655"><subfield code="a">Newspapers.</subfield><subfield code="2">fast</subfield><subfield code="0">(OCoLC)fst01423814</subfield></datafield><datafield ind1=" " ind2="7" tag="651"><subfield code="a">California</subfield><subfield code="z">San Diego.</subfield><subfield code="2">fast</subfield><subfield code="0">(OCoLC)fst01205232</subfield></datafield><datafield ind1=" " ind2="7" tag="651"><subfield code="a">California, Southern.</subfield><subfield code="2">fast</subfield><subfield code="0">(OCoLC)fst01692638</subfield></datafield><datafield ind1=" " ind2=" " tag="752"><subfield code="a">United States</subfield><subfield code="b">California</subfield><subfield code="c">San Diego</subfield><subfield code="d">San Diego.</subfield></datafield><datafield ind1="0" ind2=" " tag="775"><subfield code="t">San Diego union (San Diego, Calif. : Weekly)</subfield><subfield code="w">(DLC)sn 82015480</subfield><subfield code="w">(OCoLC)8818146</subfield></datafield><datafield ind1="0" ind2="0" tag="780"><subfield code="t">San Diego union (San Diego, Calif. : Daily : 1889)</subfield><subfield code="w">(DLC)sn 95061722</subfield><subfield code="w">(OCoLC)32420010</subfield></datafield><datafield ind1="0" ind2="0" tag="785"><subfield code="t">San Diego union (San Diego, Calif. : 1922)</subfield><subfield code="w">(DLC)sn 85066479</subfield><subfield code="w">(OCoLC)13155544</subfield></datafield></record>